<record><leader>00000cas a2200000 a 4500</leader><controlfield tag="001">31890378</controlfield><controlfield tag="008">950126d1975197unyumr ne      0    0eng c</controlfield><datafield ind1=" " ind2=" " tag="010"><subfield code="a">sn 95020195 </subfield></datafield><datafield ind1=" " ind2=" " tag="040"><subfield code="a">COO</subfield><subfield code="b">eng</subfield><subfield code="c">DLC</subfield><subfield code="d">OCL</subfield><subfield code="d">OCLCQ</subfield><subfield code="d">NYS</subfield><subfield code="d">CUV</subfield><subfield code="d">OCLCQ</subfield><subfield code="d">OCLCF</subfield><subfield code="d">OCLCO</subfield></datafield><datafield ind1="1" ind2=" " tag="029"><subfield code="a">AU@</subfield><subfield code="b">000011526114</subfield></datafield><datafield ind1=" " ind2=" " tag="042"><subfield code="a">pcc</subfield></datafield><datafield ind1=" " ind2=" " tag="043"><subfield code="a">n-us-ny</subfield><subfield code="a">n-us---</subfield></datafield><datafield ind1="1" ind2="4" tag="050"><subfield code="a">HQ76.95.U6</subfield><subfield code="b">M385</subfield></datafield><datafield ind1="0" ind2=" " tag="130"><subfield code="a">Maverick (New York, N.Y.)</subfield></datafield><datafield ind1="1" ind2="0" tag="245"><subfield code="a">Maverick.</subfield></datafield><datafield ind1=" " ind2=" " tag="260"><subfield code="a">New York, N.Y. :</subfield><subfield code="b">Hudson House Enterprises</subfield></datafield><datafield ind1=" " ind2=" " tag="300"><subfield code="a">v. :</subfield><subfield code="b">ill. ;</subfield><subfield code="c">43 x 29 cm. folded to 29 x 22 cm.</subfield></datafield><datafield ind1=" " ind2=" " tag="310"><subfield code="a">Monthly</subfield></datafield><datafield ind1="0" ind2=" " tag="362"><subfield code="a">Vol. 1, no. 1 (Apr. 1975)-</subfield></datafield><datafield ind1=" " ind2=" " tag="500"><subfield code="a">&lt;Sept. 1975-&gt;: "New York City's leading gay newspaper"; &lt;Nov. 1975-&gt;: "The national gay newspaper."</subfield></datafield><datafield ind1=" " ind2=" " tag="500"><subfield code="a">Executive editor: &lt;Sept. 1975-&gt;, Joe Navan.</subfield></datafield><datafield ind1=" " ind2=" " tag="588"><subfield code="a">Latest issue consulted: Vol. 1, no. 9 (Dec. 1975).</subfield></datafield><datafield ind1=" " ind2="0" tag="650"><subfield code="a">Gays</subfield><subfield code="z">New York (State)</subfield><subfield code="z">New York</subfield><subfield code="v">Newspapers.</subfield></datafield><datafield ind1=" " ind2="0" tag="650"><subfield code="a">Gays</subfield><subfield code="x">Services for</subfield><subfield code="z">New York (State)</subfield><subfield code="z">New York</subfield><subfield code="v">Newspapers.</subfield></datafield><datafield ind1=" " ind2="0" tag="650"><subfield code="a">Gay community</subfield><subfield code="z">New York (State)</subfield><subfield code="z">New York</subfield><subfield code="v">Newspapers.</subfield></datafield><datafield ind1=" " ind2="0" tag="650"><subfield code="a">Homosexuality</subfield><subfield code="x">Social aspects</subfield><subfield code="z">New York (State)</subfield><subfield code="z">New York</subfield><subfield code="v">Newspapers.</subfield></datafield><datafield ind1=" " ind2="0" tag="650"><subfield code="a">Gay liberation movement</subfield><subfield code="z">New York (State)</subfield><subfield code="z">New York</subfield><subfield code="v">Newspapers.</subfield></datafield><datafield ind1=" " ind2="0" tag="650"><subfield code="a">Gay activists</subfield><subfield code="z">New York (State)</subfield><subfield code="z">New York</subfield><subfield code="v">Newspapers.</subfield></datafield><datafield ind1=" " ind2="0" tag="650"><subfield code="a">Gays</subfield><subfield code="z">United States</subfield><subfield code="v">Newspapers.</subfield></datafield><datafield ind1=" " ind2="0" tag="650"><subfield code="a">Homosexuality</subfield><subfield code="x">Social aspects</subfield><subfield code="z">United States</subfield><subfield code="v">Newspapers.</subfield></datafield><datafield ind1=" " ind2="0" tag="650"><subfield code="a">Gay rights</subfield><subfield code="z">United States</subfield><subfield code="v">Newspapers.</subfield></datafield><datafield ind1=" " ind2="0" tag="650"><subfield code="a">Gay liberation movement</subfield><subfield code="z">United States</subfield><subfield code="v">Newspapers.</subfield></datafield><datafield ind1=" " ind2="0" tag="650"><subfield code="a">Gay activists</subfield><subfield code="z">United States</subfield><subfield code="v">Newspapers.</subfield></datafield><datafield ind1=" " ind2="0" tag="650"><subfield code="a">Gay bars</subfield><subfield code="z">New York (State)</subfield><subfield code="z">New York</subfield><subfield code="v">Newspapers.</subfield></datafield><datafield ind1=" " ind2="0" tag="650"><subfield code="a">Gay business enterprises</subfield><subfield code="z">New York (State)</subfield><subfield code="z">New York</subfield><subfield code="v">Newspapers.</subfield></datafield><datafield ind1=" " ind2="0" tag="650"><subfield code="a">Gay personals</subfield><subfield code="z">New York (State)</subfield><subfield code="z">New York</subfield><subfield code="v">Newspapers.</subfield></datafield><datafield ind1=" " ind2="0" tag="650"><subfield code="a">Gay men</subfield><subfield code="x">Sexual behavior</subfield><subfield code="v">Pictorial works</subfield><subfield code="v">Periodicals.</subfield></datafield><datafield ind1=" " ind2="0" tag="651"><subfield code="a">New York (N.Y.)</subfield><subfield code="v">Newspapers.</subfield></datafield><datafield ind1=" " ind2="0" tag="651"><subfield code="a">New York County (N.Y.)</subfield><subfield code="v">Newspapers.</subfield></datafield><datafield ind1=" " ind2="7" tag="655"><subfield code="a">Newspapers.</subfield><subfield code="2">fast</subfield><subfield code="0">(OCoLC)fst01423814</subfield></datafield><datafield ind1=" " ind2="7" tag="655"><subfield code="a">Periodicals.</subfield><subfield code="2">fast</subfield><subfield code="0">(OCoLC)fst01411641</subfield></datafield><datafield ind1=" " ind2="7" tag="655"><subfield code="a">Pictorial works.</subfield><subfield code="2">fast</subfield><subfield code="0">(OCoLC)fst01423874</subfield></datafield><datafield ind1=" " ind2="7" tag="650"><subfield code="a">Gay activists.</subfield><subfield code="2">fast</subfield><subfield code="0">(OCoLC)fst00939048</subfield></datafield><datafield ind1=" " ind2="7" tag="650"><subfield code="a">Gay bars.</subfield><subfield code="2">fast</subfield><subfield code="0">(OCoLC)fst00939063</subfield></datafield><datafield ind1=" " ind2="7" tag="650"><subfield code="a">Gay business enterprises.</subfield><subfield code="2">fast</subfield><subfield code="0">(OCoLC)fst00939067</subfield></datafield><datafield ind1=" " ind2="7" tag="650"><subfield code="a">Gay community.</subfield><subfield code="2">fast</subfield><subfield code="0">(OCoLC)fst01432142</subfield></datafield><datafield ind1=" " ind2="7" tag="650"><subfield code="a">Gay liberation movement.</subfield><subfield code="2">fast</subfield><subfield code="0">(OCoLC)fst00939104</subfield></datafield><datafield ind1=" " ind2="7" tag="650"><subfield code="a">Gay men</subfield><subfield code="x">Sexual behavior.</subfield><subfield code="2">fast</subfield><subfield code="0">(OCoLC)fst00939150</subfield></datafield><datafield ind1=" " ind2="7" tag="650"><subfield code="a">Gay personals.</subfield><subfield code="2">fast</subfield><subfield code="0">(OCoLC)fst01746852</subfield></datafield><datafield ind1=" " ind2="7" tag="650"><subfield code="a">Gay rights.</subfield><subfield code="2">fast</subfield><subfield code="0">(OCoLC)fst00939213</subfield></datafield><datafield ind1=" " ind2="7" tag="650"><subfield code="a">Gays.</subfield><subfield code="2">fast</subfield><subfield code="0">(OCoLC)fst00939255</subfield></datafield><datafield ind1=" " ind2="7" tag="650"><subfield code="a">Gays</subfield><subfield code="x">Services for.</subfield><subfield code="2">fast</subfield><subfield code="0">(OCoLC)fst00939298</subfield></datafield><datafield ind1=" " ind2="7" tag="650"><subfield code="a">Homosexuality</subfield><subfield code="x">Social aspects.</subfield><subfield code="2">fast</subfield><subfield code="0">(OCoLC)fst00959809</subfield></datafield><datafield ind1=" " ind2="7" tag="651"><subfield code="a">New York (State)</subfield><subfield code="z">New York.</subfield><subfield code="2">fast</subfield><subfield code="0">(OCoLC)fst01204333</subfield></datafield><datafield ind1=" " ind2="7" tag="651"><subfield code="a">New York (State)</subfield><subfield code="z">New York County.</subfield><subfield code="2">fast</subfield><subfield code="0">(OCoLC)fst01234953</subfield></datafield><datafield ind1=" " ind2="7" tag="651"><subfield code="a">United States.</subfield><subfield code="2">fast</subfield><subfield code="0">(OCoLC)fst01204155</subfield></datafield><datafield ind1="1" ind2=" " tag="700"><subfield code="a">Navan, Joe.</subfield></datafield><datafield ind1=" " ind2=" " tag="752"><subfield code="a">United States</subfield><subfield code="b">New York</subfield><subfield code="c">New York</subfield><subfield code="d">New York.</subfield></datafield><datafield ind1=" " ind2=" " tag="850"><subfield code="a">NIC</subfield></datafield></record>